@article{muller,
  title = {Image Scanning Microscopy},
  author = {M\"uller, Claus B. and Enderlein, J\"org},
  journal = {PRL},
  volume = {104},
  issue = {19},
  numpages = {4},
  year = {2010},
  month = {May},
  publisher = {American Physical Society},
}


@article{Badon2020,
  title = {Distortion matrix concept for deep optical imaging in scattering media},
  author = {Amaury Badon and Victor Barolle and Kristina Irsch and A. Claude Boccara and Mathias Fink and Alexandre Aubry},
  journal = {Science Advances},
  volume = {6},
  year = {2020},
}








@article{PhysRevX.10.021048,
  title={Reflection Matrix Approach for Quantitative Imaging of Scattering Media},
  author={William Lambert and Laura A. Cobus and Mathieu Couade and Mathias Fink and Alexandre Aubry},
  journal={Phys. Rev. X},
  volume={10},
  issue={2},
  pages={021048},
  numpages={18},
  year={2020},
  month={Jun},
  publisher={American Physical Society},
}


@article{2018JB016361,
  title={Matrix Approach of Seismic Imaging: Application to the Erebus Volcano, Antarctica},
  author={Thibaud Blondel and Julien Chaput and Arnaud Derode and Michel Campillo and Alexandre Aubry},
  journal={Journal of Geophysical Research: Solid Earth},
  volume={123},
  numpages = {},
  year={2018}
}